@article{Gilbert1992,
  doi = {10.1137/0613024},
  url = {https://doi.org/10.1137/0613024},
  year = {1992},
  month = jan,
  publisher = {Society for Industrial {\&} Applied Mathematics ({SIAM})},
  volume = {13},
  number = {1},
  pages = {333--356},
  author = {John R. Gilbert and Cleve Moler and Robert Schreiber},
  title = {Sparse Matrices in {MATLAB}: Design and Implementation},
  journal = {{SIAM} Journal on Matrix Analysis and Applications}
}